<?xml version="1.0" encoding="UTF-8"?><collection xmlns="http://www.loc.gov/MARC21/slim"><record><leader>00522nam--2200193-u-4500</leader><controlfield tag="001">000056931</controlfield><controlfield tag="002">20200917</controlfield><controlfield tag="005">20200917034348</controlfield><controlfield tag="008">200917s1000------------r-----000-0-eng-d</controlfield><datafield ind1=" " ind2=" " tag="040"><subfield code="a">IFIN-HH</subfield></datafield><datafield ind1=" " ind2=" " tag="041"><subfield code="a">eng</subfield></datafield><datafield ind1="1" ind2=" " tag="100"><subfield code="a">Netta, Danielle</subfield></datafield><datafield ind1="1" ind2="0" tag="245"><subfield code="a">Who's Who in America. vol 1 A-K</subfield><subfield code="c">Danielle Netta (Ed.)</subfield></datafield><datafield ind1=" " ind2=" " tag="250"><subfield code="a">57th Edition</subfield></datafield><datafield ind1=" " ind2=" " tag="260"><subfield code="a">New jersey</subfield><subfield code="b">Marquis Who's Who</subfield><subfield code="c">2002</subfield></datafield><datafield ind1=" " ind2=" " tag="300"><subfield code="a">XVIII+2974 p</subfield></datafield><datafield ind1=" " ind2=" " tag="500"><subfield code="a">Donatie Acad. Nicolae Victor Zamfir</subfield></datafield><datafield ind1=" " ind2=" " tag="852"><subfield code="a">82845</subfield><subfield code="c">NVZ</subfield></datafield><datafield ind1=" " ind2=" " tag="CAT"><subfield code="a">SYS</subfield><subfield code="c">20200917</subfield><subfield code="h">034348</subfield></datafield></record></collection>